<record><leader>00000cas a22000007a 4500</leader><controlfield tag="001">20834652</controlfield><controlfield tag="008">891229d18931894mouwr ne      0    0eng d</controlfield><datafield ind1=" " ind2=" " tag="010"><subfield code="a">sn 89067602 </subfield></datafield><datafield ind1=" " ind2=" " tag="040"><subfield code="a">MQN</subfield><subfield code="b">eng</subfield><subfield code="c">MQN</subfield><subfield code="d">OCLCQ</subfield></datafield><datafield ind1=" " ind2=" " tag="042"><subfield code="a">msc</subfield></datafield><datafield ind1="0" ind2="4" tag="245"><subfield code="a">The Local-Missourian.</subfield></datafield><datafield ind1=" " ind2=" " tag="260"><subfield code="a">Harrisonville and Pleasant Hill, Mo. :</subfield><subfield code="b">C.O. Race,</subfield><subfield code="c">1893-1894.</subfield></datafield><datafield ind1=" " ind2=" " tag="300"><subfield code="a">v.</subfield></datafield><datafield ind1=" " ind2=" " tag="310"><subfield code="a">Weekly</subfield></datafield><datafield ind1="0" ind2=" " tag="362"><subfield code="a">Vol. 21, no. 45 (July 21, 1893)-v. 22, no. 38 (June 1, 1894).</subfield></datafield><datafield ind1=" " ind2=" " tag="515"><subfield code="a">Continues numbering of: Pleasant Hill local (Pleasant Hill, Mo. : 1890).</subfield></datafield><datafield ind1=" " ind2=" " tag="752"><subfield code="a">United States</subfield><subfield code="b">Missouri</subfield><subfield code="c">Cass</subfield><subfield code="d">Harrisonville.</subfield></datafield><datafield ind1=" " ind2=" " tag="752"><subfield code="a">United States</subfield><subfield code="b">Missouri</subfield><subfield code="c">Cass</subfield><subfield code="d">Pleasant Hill.</subfield></datafield><datafield ind1="0" ind2="4" tag="780"><subfield code="t">Cass County Missourian</subfield></datafield><datafield ind1="0" ind2="4" tag="780"><subfield code="t">Pleasant Hill local (Pleasant Hill, Mo. : 1890)</subfield><subfield code="w">(DLC)sn 86063659</subfield></datafield><datafield ind1="0" ind2="0" tag="785"><subfield code="t">Pleasant Hill local (Pleasant Hill, Mo. : 1894)</subfield><subfield code="w">(DLC)sn 89067603</subfield></datafield></record>